@book{bernstein2004,
  title     = {Handbook of MRI Pulse Sequences},
  author    = {Bernstein, Matt A. and King, Kevin F. and Zhou, Xiaohong Joe},
  publisher = {Elsevier Academic Press},
  year      = {2004},
  doi       = {10.1016/b978-0-12-092861-3.x5000-6},
  url       = {https://doi.org/10.1016/b978-0-12-092861-3.x5000-6}
}

@article{bloch1946,
  title     = {Nuclear Induction},
  author    = {Bloch, F.},
  journal   = {Physical Review},
  volume    = {70},
  number    = {7--8},
  pages     = {460--474},
  year      = {1946},
  doi       = {10.1103/PhysRev.70.460},
  url       = {https://doi.org/10.1103/PhysRev.70.460}
}

@book{brown2014,
  title     = {Magnetic Resonance Imaging: Physical Principles and Sequence Design},
  author    = {Brown, Robert W. and Cheng, Y.-C. Norman and Haacke, E. Mark and Thompson, Michael R. and Venkatesan, Ramesh},
  publisher = {John Wiley \& Sons},
  year      = {2014}
}

@book{tofts2003,
  title     = {Quantitative MRI of the Brain: Measuring Changes Caused by Disease},
  author    = {Tofts, Paul},
  publisher = {John Wiley \& Sons},
  address   = {Chichester, UK},
  year      = {2003}
}
